@article{artola2019clasificacion,
    title={Clasificaci{\'o}n de im{\'a}genes usando redes neuronales convolucionales en Python},
    author={Artola Moreno, {\'A}lvaro},
    year={2019}
}
@article{hernandez2019optimizacion,
    title={Optimizaci{\'o}n Distribuida de Redes Convolucionales para la Clasificaci{\'o}n de Im{\'a}genes.},
    author={Hern{\'a}ndez, Emmanuel F Ram{\'\i}rez and Rangel, H{\'e}ctor Rodr{\'\i}guez and Gonz{\'a}lez-Huitr{\'o}n, V{\'\i}ctor and Flores, Juan J and Puig, Vicen{\c{c}}},
    journal={Res. Comput. Sci.},
    volume={148},
    number={7},
    pages={213--226},
    year={2019}
}
@article{balduvin2019redes,
    title={Redes neuronales convolucionales aplicadas a demosaicing y denoising},
    author={Balduvin, Gonzalo and Lorenzo, Mat{\'\i}as},
    year={2019},
    publisher={Udelar. FI}
}


